%1
@article{calimeri2016angry,
  title={Angry-HEX: an artificial player for angry birds based on declarative knowledge bases},
  author={Calimeri, Francesco and Fink, Michael and Germano, Stefano and Humenberger, Andreas and Ianni, Giovambattista and Redl, Christoph and Stepanova, Daria and Tucci, Andrea and Wimmer, Anton},
  journal={IEEE Transactions on Computational Intelligence and AI in Games},
  volume={8},
  number={2},
  pages={128--139},
  year={2016},
  publisher={IEEE}
}

%2
@inproceedings{renz2015aibirds,
  title={AIBIRDS: The Angry Birds Artificial Intelligence Competition.},
  author={Renz, Jochen and others},
  booktitle={AAAI},
  pages={4326--4327},
  year={2015}
}

%4
@article{renz2015angry,
  title={The Angry Birds AI Competition},
  author={Renz, Jochen and Ge, Xiaoyu and Gould, Stephen and Zhang, Peng},
  journal={AI Magazine},
  volume={36},
  number={2},
  pages={85--87},
  year={2015}
}

%7
@inproceedings{ferreira2013combining,
  title={Combining qualitative spatial representation utility function and decision making under uncertainty on the Angry Birds domain},
  author={Ferreira, Leonardo Anjoletto and Lopes, Guilherme Alberto Wachs and Santos, Paulo Eduardo},
  booktitle={Proceeding of the International Joint Conference on Artificial Intelligence. Beijing, China},
  year={2013}
}

%8
@article{dudeliberately,
  title={Deliberately Planning and Acting for Angry Birds with Refinement Methods},
  author={Du, Ruofei and Gao, Zebao and Xu, Zheng}
}